=LDR  00000ngm a2200000 a 4500
=006  m\\\\\\\\c\\\\\\\\
=007  cr\cna|||m|||a
=007  vz\czazzu
=008  200514s9999||||xx\|||\|\\\\\ s\\\vlund|d
=024  7\$aHI2018.088_01$2local
=040  \\$aZYU$beng$erda$cZYU$epn
=245  00$aZen for Mouth (after Nam June Paik) //
=246  3\$aPerformance exaggerating my Oriental/Occidental Features
=260  \\$c2003 April 18
=300  \\$3viewing copy.$astreaming video (0:03:23.00) :$bsd., col.
=490  0\$aDavid Khang collection
=500  \\$aPart of the Hemispheric Institute Digital Video Library.
=500  \\$aTitle supplied by the Hemispheric Institute.
=506  \\$aOpen Access.
=508  \\$aDavid Khang, creator.
=511  0\$aDeborah Oliver, Lida Abdullah, curators ; Ye Rin Mok, videographer ; Vince Manganello, Sherry Mateo, assistants; David Khang, performer.
=518  \\$aTrack 16 Gallery, Los Angeles, California, USA
=520  \\$aDavid Khang is a visual, performance, and biological artist whose practice is informed by education in psychology, theology, dentistry, and law. Khang selectively imbeds these disciplinary codes into his work, to compose interdisciplinary languages that materialize in visual, textual, and spoken forms. In performing, Khang often embodies these languages to interrogate social constructions – of gender, race, and interspecies relations – that are present within dominant historic narratives in contemporary culture. By strategically employing non-native languages and code switching, Khang produces divergent, dissonant, and often hyperbolic and humorous readings that re-imagine the poetic and the political.
=520  \\$aIn the performance Zen for Mouth (after Nam June Paik) (2003),calligraphy is written with a beef tongue dipped in used motor oil. Theartist draws a straight line for as long as is physically possible. This isthe first of three performances based on avant-garde composer La MonteYoung's Compositions 1960 Series: "Draw a straight line and follow it." -Composition 1960 #10 to Bob Morris.
=534  \\$pMedia source original: $a1
=540  \\$aThere are copyright restrictions on this collection. For more information, go to the online version of this video.
=542  1\$dDavid Khang$eDavid Khang, 503-1128 Quebec Street, Vancouver BC Canada V6A 4E1, dk@davidkhang.com, dkhang@ecuad.ca, https://www.davidkhang.com
=653  \\$aKhang, David|Calligraphy|Embodiment|Young, La Monte--Criticism and interpretation|Cultural heritage
=655  \7$a$aPerformance art.$2aat
=655  \7$a$aPerformance.$2aat
=710  2\$aHemispheric Institute Digital Video Library.
=856  40$uhttp://hdl.handle.net/2333.1/j9kd5b1r$3Hemispheric Institute Digital Video Library
=999  \\$aPlease create LOC subject heading for "Khang, David
=999  \\$aUpdated: Summary

