=LDR  00000nam a2200000Ia 45e0
=006  m\\\\\\\\c\\\\\\\\
=007  cr\cna|||m|||a
=007  vz\czazzu
=008  200514s9999||||xx\|||\|\\\\\ s\\\vlund|d
=024  7\$aHI2018.089_01$2local
=040  \\$aZYU$beng$erda$cZYU$epn
=041  0\$aeng
=245  00$aSpeaking of Butterflies
=260  \\$c2004 October 23
=300  \\$3viewing copy.$astreaming video (0:03:49.00) :$bsd., col.
=490  0\$aDavid Khang collection
=500  \\$aPart of the Hemispheric Institute Digital Video Library.
=500  \\$aTitle supplied by the Hemispheric Institute.
=506  \\$aOpen Access.
=508  \\$aDavid Khang, creator.
=511  0\$aDeborah Oliver, curator ; Mark Reyes, videographer; David Khang, performer.
=518  \\$aTrack 16 Gallery, Los Angeles, California, USA
=520  \\$aDavid Khang is a visual, performance, and biological artist whose practice is informed by education in psychology, theology, dentistry, and law. Khang selectively imbeds these disciplinary codes into his work, to compose interdisciplinary languages that materialize in visual, textual, and spoken forms. In performing, Khang often embodies these languages to interrogate social constructions – of gender, race, and interspecies relations – that are present within dominant historic narratives in contemporary culture. By strategically employing non-native languages and code switching, Khang produces divergent, dissonant, and often hyperbolic and humorous readings that re-imagine the poetic and the political.
=520  \\$aIn this performance, the monarch butterflies are gently tethered to a silk string that is in turn sutured to the tongue, temporarily connecting bodies acrossspecies. The butterflies are released, unharmed, at the end of thepiece. This is the second of three projects based on La MonteYoung’s Compositions 1960: "Turn a butterfly (or any number ofbutterflies) loose in the performance area. When the composition is over,be sure to allow the butterfly to fly away outside. The composition may beany length but if an unlimited amount of time is available, the doors andwindows may be opened before the butterfly is turned loose and thecomposition may be considered finished when the butterfly flies away." -Composition 1960 #5.
=534  \\$pMedia source original: $a1
=540  \\$aThere are copyright restrictions on this collection. For more information, go to the online version of this video.
=542  1\$dDavid Khang$eDavid Khang, 503-1128 Quebec Street, Vancouver BC Canada V6A 4E1, dk@davidkhang.com, dkhang@ecuad.ca, https://www.davidkhang.com
=546  \\$aIn English.
=653  \\$aKhang, David|Young, La Monte--Criticism and interpretation|Cultural heritage|Embodiment|Monarch butterfly
=655  \7$a$aPerformance art.$2aat|$aMultimedia.$2nyu-hidvl
=655  \7$a$aPerformance.$2aat
=710  2\$aHemispheric Institute Digital Video Library.
=856  40$uhttp://hdl.handle.net/2333.1/djh9w9h8$3Hemispheric Institute Digital Video Library
=999  \\$aPlease create LOC Subject Heading for "Khang, David
=999  \\$aUpdated: Summary

