=LDR  00000nam a2200000Ia 45e0
=006  m\\\\\\\\c\\\\\\\\
=007  cr\cna|||m|||a
=007  vz\czazzu
=008  200514s9999||||xx\|||\|\\\\\ s\\\vlund|d
=024  7\$aHI2018.090_01$2local
=040  \\$aZYU$beng$erda$cZYU$epn
=245  00$a(vag)Anal Painting
=246  3\$aafter Shigeko Kubota
=260  \\$c2005 May 6
=300  \\$3viewing copy.$astreaming video (0:03:26.00) :$bsd., col.
=490  0\$aDavid Khang collection
=500  \\$aPart of the Hemispheric Institute Digital Video Library.
=500  \\$aTitle supplied by the Hemispheric Institute.
=506  \\$aOpen Access.
=508  \\$aDavid Khang, creator ; Grunt Gallery, producer.
=511  0\$aGrunt Gallery, commissioner ; Bobbi Kozinuk, videographer; David Khang, performer.
=518  \\$aGrunt Gallery, Vancouver, BC, Canada
=520  \\$aDavid Khang is a visual, performance, and biological artist whose practice is informed by education in psychology, theology, dentistry, and law. Khang selectively imbeds these disciplinary codes into his work, to compose interdisciplinary languages that materialize in visual, textual, and spoken forms. In performing, Khang often embodies these languages to interrogate social constructions – of gender, race, and interspecies relations – that are present within dominant historic narratives in contemporary culture. By strategically employing non-native languages and code switching, Khang produces divergent, dissonant, and often hyperbolic and humorous readings that re-imagine the poetic and the political.
=520  \\$aThis homoerotic and scatological performance is not only anhomage to Shigeko Kubota's Vagina Painting (1965) but, more urgently, atongue-in-cheek response to gendered and racialized representations andreadings of bodies in contemporary culture. "If Kubota challenged the works of male artists like Pollock, Klein, andPaik––by counterposing the female body's productivity to the masculinepainterly gestures loaded with phallic symbolism––I want my work to beread against two forces. First, (East) Asian calligraphy. Manypractitioners believe in a link between male virility and the strength ofhis brush stroke, the brush tip standing in for the phallus. Throughscatological markmaking, I aim to 'pollute' this phallogocentrism. Second,I want to interrogate the white gaze, and how the Asian body, or for thatmatter, Asia as a body, is feminized (see Said)." - David Khang, an excerptfrom Interview with Glenn Alteen, brunt magazine, Issue #1.
=534  \\$pMedia source original: $a1
=540  \\$aThere are copyright restrictions on this collection. For more information, go to the online version of this video.
=542  1\$dDavid Khang$eDavid Khang, 503-1128 Quebec Street, Vancouver BC Canada V6A 4E1, dk@davidkhang.com, dkhang@ecuad.ca, https://www.davidkhang.com
=650  \0$aIdentity politics.|$aMarginality, Social.
=653  \\$aKhang, David|Embodiment|Scatology in art|Body politics|Sexuality
=655  \7$a$aPerformance art.$2aat
=655  \7$a$aPerformance.$2aat
=710  2\$aHemispheric Institute Digital Video Library.
=856  40$uhttp://hdl.handle.net/2333.1/8w9gj6pr$3Hemispheric Institute Digital Video Library
=999  \\$aN/A
=999  \\$aPlease create LOC Subject Heading for "Khang, David

