=LDR  00000nam a2200000Ia 45e0
=006  m\\\\\\\\c\\\\\\\\
=007  cr\cna|||m|||a
=007  vz\czazzu
=008  200514s9999||||xx\|||\|\\\\\ s\\\vlund|d
=024  7\$aHI2018.091_01$2local
=040  \\$aZYU$beng$erda$cZYU$epn
=245  00$aMediamorphosis
=260  \\$c2006 September 16
=300  \\$3viewing copy.$astreaming video (0:04:10.00) :$bsd., col.
=490  0\$aDavid Khang collection
=500  \\$aPart of the Hemispheric Institute Digital Video Library.
=500  \\$aTitle supplied by the Hemispheric Institute.
=506  \\$aOpen Access.
=508  \\$aDavid Khang, creator.
=511  0\$aJoanne Bristol, curator ; Erin Perry, videographer ; Erin Perry, Jeremy Hatch, assistant ; Jason deCouto, pianist; David Khang, performer.
=518  \\$aThe Western Front, Vancouver, Canada
=520  \\$aDavid Khang is a visual, performance, and biological artist whose practice is informed by education in psychology, theology, dentistry, and law. Khang selectively imbeds these disciplinary codes into his work, to compose interdisciplinary languages that materialize in visual, textual, and spoken forms. In performing, Khang often embodies these languages to interrogate social constructions – of gender, race, and interspecies relations – that are present within dominant historic narratives in contemporary culture. By strategically employing non-native languages and code switching, Khang produces divergent, dissonant, and often hyperbolic and humorous readings that re-imagine the poetic and the political.
=520  \\$aMediamorphosis examines acts of translation: between direct andmediated experiences, between past and present, and between sound, music,and visual language. Live performance, improvisational piano by JasondeCouto, and multi-channel video are juxtaposed to create multipleperspectives of the "same" event, complicating the immediacy of performanceart as medium.
=534  \\$pMedia source original: $a1
=540  \\$aThere are copyright restrictions on this collection. For more information, go to the online version of this video.
=542  1\$dDavid Khang$eDavid Khang, 503-1128 Quebec Street, Vancouver BC Canada V6A 4E1, dk@davidkhang.com, dkhang@ecuad.ca, https://www.davidkhang.com
=650  \0$aPerformance art
=653  \\$aKhang, David|Translation and interpretation|Temporality
=655  \7$a$aPerformance art.$2aat
=655  \7$a$aPerformance.$2aat
=710  2\$aHemispheric Institute Digital Video Library.
=856  40$uhttp://hdl.handle.net/2333.1/547d866w$3Hemispheric Institute Digital Video Library
=999  \\$aPlease create LOC Subject Headings for "Khang, David" and "Temporality
=999  \\$aUpdated: Subjects

