=LDR  00000nam a2200000Ia 45e0
=006  m\\\\\\\\c\\\\\\\\
=007  cr\cna|||m|||a
=007  vz\czazzu
=008  200514s9999||||xx\|||\|\\\\\ s\\\vlund|d
=024  7\$aHI2018.092_01$2local
=040  \\$aZYU$beng$erda$cZYU$epn
=041  0\$aeng|lat
=245  00$aM Butterfly
=246  3\$aafter Shigeko Kubota
=260  \\$c2007 November 10
=300  \\$3viewing copy.$astreaming video (0:09:14.00) :$bsd., col.
=490  0\$aDavid Khang collection
=500  \\$aPart of the Hemispheric Institute Digital Video Library.
=500  \\$aTitle supplied by the Hemispheric Institute.
=506  \\$aOpen Access.
=508  \\$aDavid Khang, creator ; Tisch School of the Arts, producer ; Franklin Furnace Archive, co-sponsor ; Performance Studies International, producer.
=511  0\$aLissette Olivares, Irene Loughlin, videographer ; Robyn Volk, costume designer; David Khang, performer.
=518  \\$aTisch School of the Arts at New York University, New York City, New York, USA
=520  \\$aDavid Khang is a visual, performance, and biological artist whose practice is informed by education in psychology, theology, dentistry, and law. Khang selectively imbeds these disciplinary codes into his work, to compose interdisciplinary languages that materialize in visual, textual, and spoken forms. In performing, Khang often embodies these languages to interrogate social constructions – of gender, race, and interspecies relations – that are present within dominant historic narratives in contemporary culture. By strategically employing non-native languages and code switching, Khang produces divergent, dissonant, and often hyperbolic and humorous readings that re-imagine the poetic and the political.
=520  \\$aM. Butterfly (After Shigeko Kubota) is citational by design. In1960, La Monte Young wrote his Composition 1960 #5, which instructs theperformer to “Turn a butterfly (or any number of butterflies) loose inthe performance area.” In 1965, Shigeko Kubota performed Vagina Paintingat the Perpetual Fluxus Festival, Cinemateque, NYC. In 1988, David HenryHwang’s play M. Butterfly premiered on Broadway, NYC. In 2007, thesehistorically significant pieces—all performed in NYC—become departurepoints that converge in one re-mixed performance, with the potential fordivergent readings with contemporary social, political, racial, and sexualimplications. Through this piece, reinterpreting performance works from thepast becomes a means of re-imagining new poetic and political strategiesfor the present.
=534  \\$pMedia source original: $a1
=540  \\$aThere are copyright restrictions on this collection. For more information, go to the online version of this video.
=542  1\$dDavid Khang$eDavid Khang, 503-1128 Quebec Street, Vancouver BC Canada V6A 4E1, dk@davidkhang.com, dkhang@ecuad.ca, https://www.davidkhang.com
=546  \\$aIn English, Latin.
=650  \0$aIdentity politics.
=653  \\$aKhang, David|Young, La Monte--Criticism and interpretation|Embodiment|Monarch butterfly|Scatology in art|Body politics
=655  \7$a$aPerformance art.$2aat
=655  \7$a$aPerformance.$2aat
=710  2\$aHemispheric Institute Digital Video Library.
=856  40$uhttp://hdl.handle.net/2333.1/1c5b05pj$3Hemispheric Institute Digital Video Library
=999  \\$aN/A
=999  \\$aPlease create LOC Subject Heading for "Khang, David

