=LDR  00000nam a2200000Ia 45e0
=006  m\\\\\\\\c\\\\\\\\
=007  cr\cna|||m|||a
=007  vz\czazzu
=008  200514s9999||||xx\|||\|\\\\\ s\\\vlund|d
=024  7\$aHI2018.093_01$2local
=040  \\$aZYU$beng$erda$cZYU$epn
=041  0\$aeng|kor
=245  00$aPhalogocentrix
=260  \\$c2007 March 17
=300  \\$3viewing copy.$astreaming video (0:08:12.00) :$bsd., col.
=490  0\$aDavid Khang collection
=500  \\$aPart of the Hemispheric Institute Digital Video Library.
=500  \\$aTitle supplied by the Hemispheric Institute.
=506  \\$aOpen Access.
=508  \\$aDavid Khang, creator ; Fado Performance, Inc., producer ; Paul Coulliard, curator.
=511  0\$aMaksim Bentsianov, video editor ; Jason deCouto, soundtrack ; Rinaldo Walcott, essayist; David Khang, performer ; Rinaldo Walcott, performer.
=518  \\$aSt. George-the-Martyr Anglican Church, Toronto, Canada
=520  \\$aDavid Khang is a visual, performance, and biological artist whose practice is informed by education in psychology, theology, dentistry, and law. Khang selectively imbeds these disciplinary codes into his work, to compose interdisciplinary languages that materialize in visual, textual, and spoken forms. In performing, Khang often embodies these languages to interrogate social constructions – of gender, race, and interspecies relations – that are present within dominant historic narratives in contemporary culture. By strategically employing non-native languages and code switching, Khang produces divergent, dissonant, and often hyperbolic and humorous readings that re-imagine the poetic and the political.
=520  \\$aPhalogocentrix reflects on constructions and the performativityof language, which is at once gendered (phallocentric), and linguisticallyand culturally determined (logocentric). Part calligraphy, part yoga, andpart breakdancing, this syncretic ritual explores African and Asiancultural affinities and connectivities, within the theological context andsite of a church. By bringing together traditional and contemporarycultural references, as well as trans-diasporic identities, thisperformance encourages critical discourse on the relationships betweenrace, gender, and language.
=534  \\$pMedia source original: $a1
=540  \\$aThere are copyright restrictions on this collection. For more information, go to the online version of this video.
=542  1\$dDavid Khang$eDavid Khang, 503-1128 Quebec Street, Vancouver BC Canada V6A 4E1, dk@davidkhang.com, dkhang@ecuad.ca, https://www.davidkhang.com
=546  \\$aIn English, Hebrew, Korean.
=653  \\$aKhang, David|Language & society|Calligraphy|Embodiment|Cultural heritage|Diaspora
=655  \7$a$aPerformance art.$2aat
=655  \7$a$aPerformance.$2aat
=710  2\$aHemispheric Institute Digital Video Library.
=856  40$uhttp://hdl.handle.net/2333.1/wm37q5cq$3Hemispheric Institute Digital Video Library
=999  \\$aPlease create LOC Subject Heading for "Khang, David
=999  \\$aUpdated: Subjects

