=LDR  00000nam a2200000Ia 45e0
=006  m\\\\\\\\c\\\\\\\\
=007  cr\cna|||m|||a
=007  vz\czazzu
=008  200514s9999||||xx\|||\|\\\\\ s\\\vlund|d
=024  7\$aHI2018.094_01$2local
=040  \\$aZYU$beng$erda$cZYU$epn
=041  0\$akor|spa
=245  00$aEl otro nueve once
=246  3\$acon el tankecito
=260  \\$c2008
=300  \\$3viewing copy.$astreaming video (0:04:44.00) :$bsd., col.
=490  0\$aDavid Khang collection
=500  \\$aPart of the Hemispheric Institute Digital Video Library.
=500  \\$aTitle supplied by the Hemispheric Institute.
=506  \\$aOpen Access.
=508  \\$aDavid Khang, creator ; Deformes Performance Bienale, producer.
=511  0\$aDavid Khang, performer ; Cheto Castellano, performer ; Lissette Olivares, performer.
=518  \\$aLa Moneda, Santiago, Chile
=520  \\$aDavid Khang is a visual, performance, and biological artist whose practice is informed by education in psychology, theology, dentistry, and law. Khang selectively imbeds these disciplinary codes into his work, to compose interdisciplinary languages that materialize in visual, textual, and spoken forms. In performing, Khang often embodies these languages to interrogate social constructions – of gender, race, and interspecies relations – that are present within dominant historic narratives in contemporary culture. By strategically employing non-native languages and code switching, Khang produces divergent, dissonant, and often hyperbolic and humorous readings that re-imagine the poetic and the political.
=520  \\$aEl otro nueve once (con el tankecito) (2008) is a site-specificpublic performance that took place at La Moneda, the Chilean presidentialpalace. The project remembers the 1973 military coup led by General AugustoPinochet and supported by both the CIA and the Chicago School, which soughtto overturn Chile's socialist movement. A bicycle-powered miniature tank(referencing the tanks used in the first coup, attempt earlier that year)becomes the vehicle for reciting and remembering Salvador Allende's finalpresidential speech before his death. The speech is read in Spanish andKorean. The work is completed in Valdivia, Chile, as pink military fatiguesare painted copper––or cobre––one of the driving forces of theChilean economy, and one of the few industries that remained in publiccontrol after the post-coup privatization. This performance is part of theWrong Places series, an ongoing series of site-specific publicperformances. For each, Khang researched specific geopolitical historiesand juxtaposed and/or remixed seemingly disparate events. In this way,Khang produces dissonant as well as consonant readings, and works tore-imagine these events' poetic and political potentials.
=534  \\$pMedia source original: $a1
=540  \\$aThere are copyright restrictions on this collection. For more information, go to the online version of this video.
=542  1\$dDavid Khang$eDavid Khang, 503-1128 Quebec Street, Vancouver BC Canada V6A 4E1, dk@davidkhang.com, dkhang@ecuad.ca, https://www.davidkhang.com
=546  \\$aIn Spanish, Korean.
=653  \\$aKhang, David|El tanquetazo|Geopolitics|Pinochet Ugarte, Augusto. Crucial day, September 11, 1973|Memory--Political aspects--Chile|Coup d'état (Chile: 1973)
=655  \7$a$aPerformance art.$2aat
=655  \7$a$aPerformance.$2aat
=710  2\$aHemispheric Institute Digital Video Library.
=856  40$uhttp://hdl.handle.net/2333.1/rv15f4vc$3Hemispheric Institute Digital Video Library
=999  \\$aPlease create LOC Subject Headings for "Khang, David", "El tanquetazo", and "Coup d'état (Chile: 1973)
=999  \\$aUpdated: Location/Venue of Event

