=LDR  00000nam a2200000Ia 45e0
=006  m\\\\\\\\c\\\\\\\\
=007  cr\cna|||m|||a
=007  vz\czazzu
=008  200514s9999||||xx\|||\|\\\\\ s\\\vlund|d
=024  7\$aHI2018.095_01$2local
=040  \\$aZYU$beng$erda$cZYU$epn
=245  00$aHow to Feed a Piano
=246  3\$acollaboration with an Indian Cowboy
=260  \\$c2008 May 16
=300  \\$3viewing copy.$astreaming video (0:11:13.00) :$bsd., col.
=490  0\$aDavid Khang collection
=500  \\$aPart of the Hemispheric Institute Digital Video Library.
=500  \\$aTitle supplied by the Hemispheric Institute.
=506  \\$aOpen Access.
=508  \\$aDavid Khang, creator ; Centre A | Vancouver International Centre for Contemporary Asian Art, producer ; Franklin Furnace Archive, The Canada Council for the Arts, British Columbia Arts Council, funders.
=511  0\$aCandice Hopkins, collaborator ; Dustin Wadsworth, videographer ; Khema Younghwa Cho, editor; Candice Hopkins, Garry Gottfriedson, horse handler ; Hank Bull, Joomi Seo, pianists; David Khang, performer ; Khema Younghwa Cho, Robbie, performer.
=518  \\$aCentre A | Vancouver International Centre for Contemporary Asian Art, Vancouver, Canada
=520  \\$aDavid Khang is a visual, performance, and biological artist whose practice is informed by education in psychology, theology, dentistry, and law. Khang selectively imbeds these disciplinary codes into his work, to compose interdisciplinary languages that materialize in visual, textual, and spoken forms. In performing, Khang often embodies these languages to interrogate social constructions – of gender, race, and interspecies relations – that are present within dominant historic narratives in contemporary culture. By strategically employing non-native languages and code switching, Khang produces divergent, dissonant, and often hyperbolic and humorous readings that re-imagine the poetic and the political.
=520  \\$aHow to Feed a Piano (2008) is the third and final performance inDavid Khang's series based on La Monte Young's Compositions 1960: "Bring abale of hay and a bucket of water onto the stage for the piano to eat anddrink. The performer may then feed the piano or leave it to eat by itself.If the former, the piece is over after the piano has been fed. If thelatter, it is over after the piano eats or decides not to."  - Piano Piecefor David Tudor #1 (1960). Khang re-interprets the piece in the followingmanner: "Feed the piano hay and water while accompanied by pianist(s).Climb inside, and through the piano. Cover the front of the body in bluepaint. Be harnessed to the horse, and pulled along to draw a line. Thehorse rider is a First Nations woman, or an Indian cowboy."  - Instructionsfor How To Feed A Piano (2008).
=534  \\$pMedia source original: $a1
=540  \\$aThere are copyright restrictions on this collection. For more information, go to the online version of this video.
=542  1\$dDavid Khang$eDavid Khang, 503-1128 Quebec Street, Vancouver BC Canada V6A 4E1, dk@davidkhang.com, dkhang@ecuad.ca, https://www.davidkhang.com
=653  \\$aKhang, David|Young, La Monte--Criticism and interpretation|Embodiment|Body politics|Cultural heritage|Calligraphy
=655  \7$a$aPerformance art.$2aat
=655  \7$a$aPerformance.$2aat
=710  2\$aHemispheric Institute Digital Video Library.
=856  40$uhttp://hdl.handle.net/2333.1/n2z3548q$3Hemispheric Institute Digital Video Library
=999  \\$aN/A
=999  \\$aPlease create LOC Subject Heading for "Khang, David

