=LDR  00000nam a2200000Ia 45e0
=006  m\\\\\\\\c\\\\\\\\
=007  cr\cna|||m|||a
=007  vz\czazzu
=008  200514s9999||||xx\|||\|\\\\\ s\\\vlund|d
=024  7\$aHI2018.096_01$2local
=040  \\$aZYU$beng$erda$cZYU$epn
=041  0\$aeng|kor
=245  00$aI Have / Had a Dream
=260  \\$c2008
=300  \\$3viewing copy.$astreaming video (0:06:38.00) :$bsd., col.
=490  0\$aDavid Khang collection
=500  \\$aPart of the Hemispheric Institute Digital Video Library.
=500  \\$aTitle supplied by the Hemispheric Institute.
=506  \\$aOpen Access.
=508  \\$aDavid Khang, creator ; Todd Janes, producer ; Visualeyez Festival, Latitude 53 Artist-run Centre Edmonton, producer.
=511  0\$aJessica Tse, photographer ; Yulia Startsev, videographer ; Young Hwa Cho, video editor; David Khang, performer.
=518  \\$aEdmonton, Alberta, Canada
=520  \\$aDavid Khang is a visual, performance, and biological artist whose practice is informed by education in psychology, theology, dentistry, and law. Khang selectively imbeds these disciplinary codes into his work, to compose interdisciplinary languages that materialize in visual, textual, and spoken forms. In performing, Khang often embodies these languages to interrogate social constructions – of gender, race, and interspecies relations – that are present within dominant historic narratives in contemporary culture. By strategically employing non-native languages and code switching, Khang produces divergent, dissonant, and often hyperbolic and humorous readings that re-imagine the poetic and the political.
=520  \\$aIn 1963, at the Lincoln Memorial (Washington DC), Martin LutherKing, Jr. delivered his "I Have A Dream" speech for the American civilrights movement. Forty-five years later, this speech is translated intoKorean, recited for an Anglophone audience, while wearing a Korean militaryuniform painted in UN-blue. English words and phrases spliced into thespeech become cues for imbedded "assassins" to shoot pink paintballs atthe uniform, as well as at portraits of Martin Luther King, Jr. and BarackObama. After the performance, the blue uniform is painted pink (a referenceto the term "pinkos," used to label Communist sympathizers). Through theconflicted emotional memory and prism of an era that represented hopes forsocial justice, the contemporary political climate is re-interpreted andreevaluated.This is the second project in an ongoing series of site-specific publicperformances titled Wrong Places. For each. Khang researched specificgeopolitical histories, and juxtaposed and/or remixed seemingly disparateevents. In this way, Khang produces dissonant as well as consonantreadings, and works to re-imagine these events' poetic and politicalpotentials.
=534  \\$pMedia source original: $a1
=540  \\$aThere are copyright restrictions on this collection. For more information, go to the online version of this video.
=542  1\$dDavid Khang$eDavid Khang, 503-1128 Quebec Street, Vancouver BC Canada V6A 4E1, dk@davidkhang.com, dkhang@ecuad.ca, https://www.davidkhang.com
=546  \\$aIn English, Korean.
=650  \0$aMemory$xPolitical aspects.
=653  \\$aKhang, David|Geopolitics|Violence--Cross-cultural studies|Social transformation|Cultural heritage
=655  \7$a$aPerformance art.$2aat|$aSite-specific performance$2
=655  \7$a$aPerformance.$2aat
=710  2\$aHemispheric Institute Digital Video Library.
=856  40$uhttp://hdl.handle.net/2333.1/h9w0w3r7$3Hemispheric Institute Digital Video Library
=999  \\$aN/A
=999  \\$aPlease create LOC Subject Heading for "Khang, David

