=LDR  00000nam a2200000Ia 45e0
=006  m\\\\\\\\c\\\\\\\\
=007  cr\cna|||m|||a
=007  vz\czazzu
=008  200514s9999||||xx\|||\|\\\\\ s\\\vlund|d
=024  7\$aHI2018.097_01$2local
=040  \\$aZYU$beng$erda$cZYU$epn
=041  0\$aeng|fre|kor
=245  02$aA Measure of War
=246  3\$aJe me souviens
=260  \\$c2010 October 16
=300  \\$3viewing copy.$astreaming video (0:05:24.00) :$bsd., col.
=490  0\$aDavid Khang collection
=500  \\$aPart of the Hemispheric Institute Digital Video Library.
=500  \\$aTitle supplied by the Hemispheric Institute.
=506  \\$aOpen Access.
=508  \\$aDavid Khang, creator ; Michelle Lacombe, special projects curator ; Articule Artist-run Centre, producer.
=511  0\$aSylvia Laplante, videographer; David Khang, performer.
=518  \\$aMontréal, Québec, Canada
=520  \\$aDavid Khang is a visual, performance, and biological artist whose practice is informed by education in psychology, theology, dentistry, and law. Khang selectively imbeds these disciplinary codes into his work, to compose interdisciplinary languages that materialize in visual, textual, and spoken forms. In performing, Khang often embodies these languages to interrogate social constructions – of gender, race, and interspecies relations – that are present within dominant historic narratives in contemporary culture. By strategically employing non-native languages and code switching, Khang produces divergent, dissonant, and often hyperbolic and humorous readings that re-imagine the poetic and the political.
=520  \\$aThe October Crisis of 1970 was a pivotal moment in 20th centuryCanadian history. The Front de libération du Québec's kidnapping of JamesCross and Pierre Laporte were met by Prime Minister Pierre Trudeau’sinvoking of the War Measures Act. Across Canada, civil liberties weresuspended as Canadian Forces patrolled Montréal streets. These eventsfueled the already-swelling Québec sovereignty movement in the decadesthat followed. Forty years later, how are these events remembered?A Measure of War (Je me souviens) is a site-specific public performance inwhich seemingly disconnected historical events and public speeches are‘remixed’––both culturally and linguistically––encouraging ourcollective amnesia to remember things as they never were. How do weunderstand Trudeau’s speech on October 16, 1970, or the FLQ Manifesto,when it is read not only in English and French––official languages of abilingual Canada––but in a third language? How do we respond to thedissonance produced by overlapping layers of conflicted histories,including the ambivalent history of multiculturalism?On October 16, 2010, the public was invited to participate in thisperformance by riding their bicycles alongside Khang’s pedal-poweredmini-tank all the way to Montréal City Hall. While wearing militaryfatigues, Khang recited the notable public enunciations from forty yearsago, spliced together in three languages. Using a paintball gun, a symbolicexecution of Pierre Laporte was carried out with the help of willingmembers of the public.
=534  \\$pMedia source original: $a1
=540  \\$aThere are copyright restrictions on this collection. For more information, go to the online version of this video.
=542  1\$dDavid Khang$eDavid Khang, 503-1128 Quebec Street, Vancouver BC Canada V6A 4E1, dk@davidkhang.com, dkhang@ecuad.ca, https://www.davidkhang.com
=546  \\$aIn English, French, Korean.
=650  \0$aMemory$xPolitical aspects.
=653  \\$aKhang, David|October Crisis, Québec, 1970|Geopolitics|Violence--History--20th Century
=655  \7$a$aPerformance art.$2aat|$aSite-specific performance$2
=655  \7$a$aPerformance.$2aat
=710  2\$aHemispheric Institute Digital Video Library.
=856  40$uhttp://hdl.handle.net/2333.1/cnp5j10d$3Hemispheric Institute Digital Video Library
=999  \\$aPlease create LOC Subject Heading "Khang, David
=999  \\$aUpdated: Date of Production

