=LDR  00000nam a2200000Ia 45e0
=006  m\\\\\\\\c\\\\\\\\
=007  cr\cna|||m|||a
=007  vz\czazzu
=008  200514s9999||||xx\|||\|\\\\\ s\\\vlund|d
=024  7\$aHI2018.098_01$2local
=040  \\$aZYU$beng$erda$cZYU$epn
=041  0\$aeng|fre|kor|spa
=245  00$aEl Tanquetazo de Mariposa
=260  \\$c2015 November 6
=300  \\$3viewing copy.$astreaming video (0:14:39.00) :$bsd., col.
=490  0\$aDavid Khang collection
=500  \\$aPart of the Hemispheric Institute Digital Video Library.
=500  \\$aTitle supplied by the Hemispheric Institute.
=506  \\$aOpen Access.
=508  \\$aDavid Khang, creator ; Glenn Alteen, curator ; FUSE Vancouver Art Gallery, producer.
=511  0\$aElisha Burrows, videographer ; Maksim Bentsianov, Blair Shapera, tailor; David Khang, performer.
=518  \\$aFUSE Vancouver Art Gallery, Vancouver, Canada
=520  \\$aDavid Khang is a visual, performance, and biological artist whose practice is informed by education in psychology, theology, dentistry, and law. Khang selectively imbeds these disciplinary codes into his work, to compose interdisciplinary languages that materialize in visual, textual, and spoken forms. In performing, Khang often embodies these languages to interrogate social constructions – of gender, race, and interspecies relations – that are present within dominant historic narratives in contemporary culture. By strategically employing non-native languages and code switching, Khang produces divergent, dissonant, and often hyperbolic and humorous readings that re-imagine the poetic and the political.
=520  \\$aIn El Tanquetazo de Mariposa (2015), David Khang contrasts themachinery and dressings of warfare with butterfly imagery. A soldier beginsplaying his viola. Next, a poem is read in Spanish, French, and Korean. Thepoem implores the listening audience to open themselves, to experience thetransformative act of opening—opening one's eyes, one's ears, and one'sheart to the surrounding world and to others. Employing the chryalis as ametaphor, Khang finishes reading, removes his camaflouge fatigues anduncovers the military tank in the background to reveal a butterfly soldierand vehicle. The tank––with a tricycle inside––is maneuveuredthrough the gallery space. The audience is saluted and thanked. The titulartanquetazo references a 1973 failed coup against Chilean president SalvadorAllende.
=534  \\$pMedia source original: $a1
=540  \\$aThere are copyright restrictions on this collection. For more information, go to the online version of this video.
=542  1\$dDavid Khang$eDavid Khang, 503-1128 Quebec Street, Vancouver BC Canada V6A 4E1, dk@davidkhang.com, dkhang@ecuad.ca, https://www.davidkhang.com
=546  \\$aIn Korean, Spanish, French, English.
=650  \0$aViolence.
=653  \\$aKhang, David|El Tanquetazo|Monarch butterfly|Social transformation
=655  \7$a$aPerformance art.$2aat
=655  \7$a$aPerformance.$2aat
=710  2\$aHemispheric Institute Digital Video Library.
=856  40$uhttp://hdl.handle.net/2333.1/7wm380h9$3Hemispheric Institute Digital Video Library
=999  \\$aN/A
=999  \\$aPlease create LOC Subject Headings for "Khang, David" and "El Tanquetazo

