=LDR  00000nam a2200000Ia 45e0
=006  m\\\\\\\\c\\\\\\\\
=007  cr\cna|||m|||a
=007  vz\czazzu
=008  200514s9999||||xx\|||\|\\\\\ s\\\vlund|d
=024  7\$aHI2018.099_01$2local
=040  \\$aZYU$beng$erda$cZYU$epn
=041  0\$aeng
=245  00$aWalk a Straight Line (and Follow It)
=260  \\$c2003 June 6
=300  \\$3viewing copy.$astreaming video (0:02:42.00) :$bsd., col.
=490  0\$aDavid Khang collection
=500  \\$aPart of the Hemispheric Institute Digital Video Library.
=500  \\$aTitle supplied by the Hemispheric Institute.
=506  \\$aOpen Access.
=508  \\$aDavid Khang, creator.
=511  0\$aClaude Wiley , assistant;
=518  \\$aIrvine-Los Angeles, California, USA
=520  \\$aDavid Khang is a visual, performance, and biological artist whose practice is informed by education in psychology, theology, dentistry, and law. Khang selectively imbeds these disciplinary codes into his work, to compose interdisciplinary languages that materialize in visual, textual, and spoken forms. In performing, Khang often embodies these languages to interrogate social constructions – of gender, race, and interspecies relations – that are present within dominant historic narratives in contemporary culture. By strategically employing non-native languages and code switching, Khang produces divergent, dissonant, and often hyperbolic and humorous readings that re-imagine the poetic and the political.
=520  \\$aIn this performance, Khang walked 80 kilometers, or 50 miles, alongthe Pacific Coast Highway in California—from Irvine to Los Angeles. Theperformance took 22 hours to complete, traversing a distance that isapproximately a one-hour drive. Set against the normative SouthernCalifornian architecture defined by freeways and vehicles, this act ofwalking, at once absurd and impractical, becomes a conscious gesture thatworks to reclaim and reinscribe this space with a real body-in-motion. Theperformance concluded as Khang reached Los Angeles in time for the openingreception at Track 16 Gallery in nearby Santa Monica.
=534  \\$pMedia source original: $a1
=540  \\$aThere are copyright restrictions on this collection. For more information, go to the online version of this video.
=542  1\$dDavid Khang$eDavid Khang, 503-1128 Quebec Street, Vancouver BC Canada V6A 4E1, dk@davidkhang.com, dkhang@ecuad.ca, https://www.davidkhang.com
=546  \\$aIn English.
=653  \\$aKhang, David|Embodiment|Geopolitics|Body politics|Endurance art
=655  \7$a$aPerformance art.$2aat
=655  \7$a$aPerformance.$2aat
=710  2\$aHemispheric Institute Digital Video Library.
=856  40$uhttp://hdl.handle.net/2333.1/44j10006$3Hemispheric Institute Digital Video Library
=999  \\$aPlease create LOC Subject Heading for "Khang, David
=999  \\$aUpdated: Summary and Bio

