=LDR  00000nam a2200000Ia 45e0
=006  m\\\\\\\\c\\\\\\\\
=007  cr\cna|||m|||a
=007  vz\czazzu
=008  200514s9999||||xx\|||\|\\\\\ s\\\vlund|d
=024  7\$aHI2018.100_01$2local
=040  \\$aZYU$beng$erda$cZYU$epn
=245  00$aBleeding Book / Línea Lingua
=260  \\$c2004
=300  \\$3viewing copy.$astreaming video (0:03:30.00) :$bsd., col.
=490  0\$aDavid Khang collection
=500  \\$aPart of the Hemispheric Institute Digital Video Library.
=500  \\$aTitle supplied by the Hemispheric Institute.
=506  \\$aOpen Access.
=508  \\$aDavid Khang, creator ; Room Gallery, UC Irvine, producer.
=511  0\$aMark Reyes, videographer; David Khang, performer.
=518  \\$aRoom Gallery, Irvine, California, USA
=520  \\$aBleeding Book / Línea Lingua (2004) is a three-channel videoinstallation. One channel sits behind a reflective ink pool, the ink imageson screen mirroring and diverging with the pool's surface. The otherchannels show footage of Khang as he creates a calligraphy on the canvasand in the space. Drawing either a circle or a straight line, in bothvideos he employs his naked form and a cow's tongue dipped in motor oil as corporeal writing instruments. This performance was part of theartist's graduate thesis project at the University of California Irvine.
=520  \\$aDavid Khang is a visual, performance, and biological artist whose practice is informed by education in psychology, theology, dentistry, and law. Khang selectively imbeds these disciplinary codes into his work, to compose interdisciplinary languages that materialize in visual, textual, and spoken forms. In performing, Khang often embodies these languages to interrogate social constructions – of gender, race, and interspecies relations – that are present within dominant historic narratives in contemporary culture. By strategically employing non-native languages and code switching, Khang produces divergent, dissonant, and often hyperbolic and humorous readings that re-imagine the poetic and the political.
=534  \\$pMedia source original: $a1
=540  \\$aThere are copyright restrictions on this collection. For more information, go to the online version of this video.
=542  1\$dDavid Khang$eDavid Khang, 503-1128 Quebec Street, Vancouver BC Canada V6A 4E1, dk@davidkhang.com, dkhang@ecuad.ca, https://www.davidkhang.com
=653  \\$aKhang, David|Embodiment|Body politics|Calligraphy|Textuality
=655  \7$a$aPerformance art.$2aat|$aInstallation.$2nyu-hidvl|$aVideo art$2nyu-hidvl
=655  \7$a$aPerformance.$2aat
=710  2\$aHemispheric Institute Digital Video Library.
=856  40$uhttp://hdl.handle.net/2333.1/0cfxpzgf$3Hemispheric Institute Digital Video Library
=999  \\$aPlease create LOC Subject Heading for "Khang, David
=999  \\$aUpdated: Summary

