=LDR  00000nam a2200000Ia 45e0
=006  m\\\\\\\\c\\\\\\\\
=007  cr\cna|||m|||a
=007  vz\czazzu
=008  200514s9999||||xx\|||\|\\\\\ s\\\vlund|d
=024  7\$aHI2019_155_01$2local
=040  \\$aZYU$beng$erda$cZYU$epn
=041  0\$aeng
=245  00$aThird Trinity
=260  \\$c2014
=300  \\$3viewing copy.$astreaming video (1:20:47.00) :$bsd., col.
=490  0\$aTeo Castellanos collection
=500  \\$aPart of the Hemispheric Institute Digital Video Library.
=500  \\$aTitle supplied by the Hemispheric Institute.
=506  \\$aOpen Access.
=508  \\$aTeo Castellanos, writer. Tarrell Alvin McCraney, director. Commissioned by Miami Light Project. Miami Light Project, Teo Castellanos, executive producers. Tarell Alvin McCraney, producer. Karen Curington, Production Manager. Erik Pearson, Projection Design. Kristina Villaverde, Lighting Designer. Loni S. Johnson, Costume Designer. Andrew Yeomanson, Sound Designer. Isis Blanco, Lighting Engineer. Aston Brooks, Sound Engineer. Eventz Paul, Video Engineer. Funded by Knight Foundation, National Performance Network, Mapfund, Art Works, WLRN, Art Place, Funding Arts Network, Miami Dade County Office of Cultural Affairs, Ford Foundation, Florida Department of State Division & Cultural Affairs.
=511  0\$aTeo Castellanos, Gregg Weiner, Chaz Mena, Barbara Sloan, Kim Ostrenko, Tarell McCraney, performers.
=518  \\$aThe Light Box at Goldman Warehouse, Miami, FL, USA
=520  \\$aIn this autobiographical performance, writer and actor Teo Castellanos plays 23 different characters. He tells a personal story spanning 30 years, from the 1960s to the 1980s, and a multitude of places, always returning to Miami. The narrative opens with a prophecy revealed to his mother about her future children's destinies: one will be a politician, another will go to jail and the third will be an actor. The following story uses ritual, music, and other historical references to explore the struggles of identity and belonging for Puerto Ricans in Miami. The war against drugs, migration and Puerto Rican independence movements mark time and space in this piece, packed inside a family tale, where brotherhood is the unifying element. In Third Trinity, the effects of substance abuse, drug dealing, and the US criminal justice system come to bear on Teo's characters, particularly himself and his brother. As he shifts between characters, Teo's mother remains the primary narrator in a piece that explores the power of prophecy and trinity amongst three generations, three decades, and three brothers' stories. Oscar winner and MacArthur Genius fellowship recipient Tarrel Alvin McCraney was in charge of Dramaturgy and Directing.
=520  \\$aTeo Castellanos is an actor/writer/director, who works in theater, film and television. His award winning solo NE 2nd Avenue toured extensively for a decade and won the Fringe First AwardFringe First Award at the Edinburgh Fringe Festival, Scotland 2003. He founded the Dance/Theater Company Teo Castellanos D-Projects in 2003 and is Artistic Director of the devised theater company Combat Hippies. Teo has toured solo and company works throughout the U.S., Europe, South America, China and the Caribbean. Some acting theater credits include playing Elegba in Tarell’s The Brothers Size, (Miami) and Santos in The Hittite Empire’s Skeletons of Fish (London). Film credits include playing opposite Matt Dillon in Sunlight Jr. and opposite John Leguizamo in Empire as well as in A Change of Heart with Jim Belushi. He is a United States Artist Fellow 2019 funded by Doris Duke Charitable Foundation and a recipient of several awards and grants including NEA, NEFA, MAP, NPN, Knight New Works, Knight Arts Challenge, Knight Foundation People’s Choice Award, Miami-Dade County Cultural Affairs. He also won the State of Florida Individual Artist Fellowship in 2005 and 2013. He’s a Sundance Institute Screen Writers Intensive Fellow 2015. Teo is a member of SAG/AFTRA, and Society of Stage Directors and Choreographers and holds a BFA in Theater from Florida Atlantic University. He is Board President of the Miami Light Project in Miami, FL.
=534  \\$pMedia source original: $a1 digital file
=540  \\$aThere are copyright restrictions on this collection. For more information, go to the online version of this video.
=542  1\$dTeo Castellanos$eTeo Castellanos, teocastellanos@mac.com, www.teocastellanos.com
=546  \\$aIn English.
=650  \0$aIdentity politics.|$aPuerto Ricans$zUnited States.|$aFamilies.|$aSpirituality.
=653  \\$aWar on drugs|State violence|"Castellanos, Teo
=655  \7$a$aTheater.$2aat|$aPerformance.$2aat
=710  2\$aHemispheric Institute Digital Video Library.
=856  40$uhttp://hdl.handle.net/2333.1/q2bvqjv9$3Hemispheric Institute Digital Video Library

