=LDR  00000nam a2200000Ia 45e0
=006  m\\\\\\\\c\\\\\\\\
=007  cr\cna|||m|||a
=007  vz\czazzu
=008  200514s9999||||xx\|||\|\\\\\ s\\\vlund|d
=024  7\$aHI2019_156_01$2local
=040  \\$aZYU$beng$erda$cZYU$epn
=041  0\$aeng
=245  00$aFatboy
=260  \\$c2014
=300  \\$3viewing copy.$astreaming video (0:58:49.00) :$bsd., col.
=490  0\$aTeo Castellanos collection
=500  \\$aPart of the Hemispheric Institute Digital Video Library.
=500  \\$aTitle supplied by the Hemispheric Institute.
=506  \\$aOpen Access.
=508  \\$aTeo Castellanos, creator.
=511  0\$aTeo Castellanos, D-Projects members, Rudi Goblin, Alfredo "Lego" Sotelo, Teresa Barceló, performers.
=518  \\$aCarnival Studio Theatre - Adrienne Arsht Center, Miami, FL, USA
=520  \\$aFatboy (2014) is a multidisciplinary play that engages wide-ranging influences such as contemporary dance, breakdance, Zen Buddhism, Balinese Theatre, pop culture and Dub music. Teo Castellanos tackles the fundamental issues of abundance and poverty through an examination of American consumerism. Fat Boy is a journey through time and space that also draws from a rice cultivation ritual, surrealist narration, and other stylized elements to address the multiple implications of scarcity, waste, and consumption.
=520  \\$aTeo Castellanos is an actor/writer/director, who works in theater, film and television. His award winning solo NE 2nd Avenue toured extensively for a decade and won the Fringe First AwardFringe First Award at the Edinburgh Fringe Festival, Scotland 2003. He founded the Dance/Theater Company Teo Castellanos D-Projects in 2003 and is Artistic Director of the devised theater company Combat Hippies. Teo has toured solo and company works throughout the U.S., Europe, South America, China and the Caribbean. Some acting theater credits include playing Elegba in Tarell’s The Brothers Size, (Miami) and Santos in The Hittite Empire’s Skeletons of Fish (London). Film credits include playing opposite Matt Dillon in Sunlight Jr. and opposite John Leguizamo in Empire as well as in A Change of Heart with Jim Belushi. He is a United States Artist Fellow 2019 funded by Doris Duke Charitable Foundation and a recipient of several awards and grants including NEA, NEFA, MAP, NPN, Knight New Works, Knight Arts Challenge, Knight Foundation People’s Choice Award, Miami-Dade County Cultural Affairs. He also won the State of Florida Individual Artist Fellowship in 2005 and 2013. He’s a Sundance Institute Screen Writers Intensive Fellow 2015. Teo is a member of SAG/AFTRA, and Society of Stage Directors and Choreographers and holds a BFA in Theater from Florida Atlantic University. He is Board President of the Miami Light Project in Miami, FL.
=534  \\$pMedia source original: $a1 digital file
=540  \\$aThere are copyright restrictions on this collection. For more information, go to the online version of this video.
=542  1\$dTeo Castellanos$eTeo Castellanos, teocastellanos@mac.com, www.teocastellanos.com
=546  \\$aIn English.
=650  \0$aPoverty$xSocial aspects.|$aConsumption (Economics)|$aSurrealism.|$aRitual.
=653  \\$aConsumerism
=655  \7$a$aTheater.$2aat|$aPerformance.$2aat
=710  2\$aHemispheric Institute Digital Video Library.
=856  40$uhttp://hdl.handle.net/2333.1/k98sfjb5$3Hemispheric Institute Digital Video Library

