=LDR  00000nam a2200000Ia 45e0
=006  m\\\\\\\\c\\\\\\\\
=007  cr\cna|||m|||a
=007  vz\czazzu
=008  200514s9999||||xx\|||\|\\\\\ s\\\vlund|d
=024  7\$aHI2019_158_01$2local
=040  \\$aZYU$beng$erda$cZYU$epn
=041  0\$aeng
=245  00$aScratch & Burn
=260  \\$c2005
=300  \\$3viewing copy.$astreaming video (1:05:00.00) :$bsd., col.
=490  0\$aTeo Castellanos collection
=500  \\$aPart of the Hemispheric Institute Digital Video Library.
=500  \\$aTitle supplied by the Hemispheric Institute.
=506  \\$aOpen Access.
=508  \\$aTeo Castellanos, writer. Teo Castellanos, director.
=511  0\$aTeo Castellanos, D-Projects, performers.
=520  \\$aScratch & Burn is an examination of war and the seemingly inherent desire to dominate others. A performance filled with choreography and contrasting elements, Scratch & Burn pivots between contemporary and B-Boy dance, and ritualistic elements from Tibetan Buddhism. With the Iraq War as the backdrop,Teo Castellanos and the D-Projects portray indoctrination, nationalism, consumer society and cultural diversity amongst the North American troops. This performatic protest against war becomes symbolic of the relationship between religion and conflict, the complexly intertwined histories of Christianity and Islam, and the allegedly virtuous intentions fueling violence.
=520  \\$aTeo Castellanos is an actor/writer/director, who works in theater, film and television. His award winning solo NE 2nd Avenue toured extensively for a decade and won the Fringe First AwardFringe First Award at the Edinburgh Fringe Festival, Scotland 2003. He founded the Dance/Theater Company Teo Castellanos D-Projects in 2003 and is Artistic Director of the devised theater company Combat Hippies. Teo has toured solo and company works throughout the U.S., Europe, South America, China and the Caribbean. Some acting theater credits include playing Elegba in Tarell’s The Brothers Size, (Miami) and Santos in The Hittite Empire’s Skeletons of Fish (London). Film credits include playing opposite Matt Dillon in Sunlight Jr. and opposite John Leguizamo in Empire as well as in A Change of Heart with Jim Belushi. He is a United States Artist Fellow 2019 funded by Doris Duke Charitable Foundation and a recipient of several awards and grants including NEA, NEFA, MAP, NPN, Knight New Works, Knight Arts Challenge, Knight Foundation People’s Choice Award, Miami-Dade County Cultural Affairs. He also won the State of Florida Individual Artist Fellowship in 2005 and 2013. He’s a Sundance Institute Screen Writers Intensive Fellow 2015. Teo is a member of SAG/AFTRA, and Society of Stage Directors and Choreographers and holds a BFA in Theater from Florida Atlantic University. He is Board President of the Miami Light Project in Miami, FL.
=534  \\$pMedia source original: $a1 DVD
=540  \\$aThere are copyright restrictions on this collection. For more information, go to the online version of this video.
=542  1\$dTeo Castellanos$eTeo Castellanos, teocastellanos@mac.com, www.teocastellanos.com
=546  \\$aIn English.
=650  \0$aIraq War, 2003-2011$xProtest movements.|$aRitual in art.|$aSpirituality.
=653  \\$aState violence|Embodiment.
=655  \7$a$aTheater.$2aat|$aDance theater.$2nyu-hidvl
=710  2\$aHemispheric Institute Digital Video Library.
=856  40$uhttp://hdl.handle.net/2333.1/9s4mwh72$3Hemispheric Institute Digital Video Library

