=LDR  00000nam a2200000Ia 45e0
=006  m\\\\\\\\c\\\\\\\\
=007  cr\cna|||m|||a
=007  vz\czazzu
=008  200514s9999||||xx\|||\|\\\\\ s\\\vlund|d
=024  7\$aHI2019_160_01$2local
=040  \\$aZYU$beng$erda$cZYU$epn
=041  0\$aeng|spa
=245  00$aAMAL
=260  \\$c2019
=300  \\$3viewing copy.$astreaming video (1:05:58.00) :$bsd., col.
=490  0\$aTeo Castellanos collection
=500  \\$aPart of the Hemispheric Institute Digital Video Library.
=500  \\$aTitle supplied by the Hemispheric Institute.
=506  \\$aOpen Access.
=508  \\$aHipólito Arriaga III, Anthony Torres Jr., Ángel Rubén Rodríguez Sr., writers. Anthony Torres, Jr., executive director. Ángel Rubén Rodríguez Sr., percussionist. Gary Lund, technical director. Seth "Brimstone" Schere, music producer. Teo Castellanos, artistic director.
=511  0\$aThe Combat Hippies, Hipólito Arriaga III, Anthony Torres Jr., Ángel Rubén Rodríguez Sr., performers.
=520  \\$aAMAL tells the story of Puerto Ricans in the U.S. military. The performance exposes the contradiction of "serving" a country that is still at odds with Puerto Ricans' rights as U.S. citizens. Moreover, AMAL draws parallels between generations of soldiers through chronicling the Utuado uprising and overwhelming use of force by U.S. military against the Puerto Rican population, the Vietnam War and the subsequent opioid abuse amongst veterans, as well as the Jones–Shafroth Act, where U.S. president Woodrow Wilson granted citizenship to Puerto Ricans, just as the country was entering World War I, thus using the mandatory draft to enlist more than 18,000 Puerto Ricans. In exploring the more recent history of U.S. involvement in Middle Eastern conflicts, characters point out the connections between Arab populations and their own ancestries as people of color. AMAL makes clear the tensions inherent in a sense of national belonging founded on militarized violence and warfare for Puerto Ricans, leading one character to offer the reminder that, "Our people have been a people, long before 'we, the people.'
=520  \\$aTeo Castellanos is an actor/writer/director, who works in theater, film and television. His award winning solo NE 2nd Avenue toured extensively for a decade and won the Fringe First AwardFringe First Award at the Edinburgh Fringe Festival, Scotland 2003. He founded the Dance/Theater Company Teo Castellanos D-Projects in 2003 and is Artistic Director of the devised theater company Combat Hippies. Teo has toured solo and company works throughout the U.S., Europe, South America, China and the Caribbean. Some acting theater credits include playing Elegba in Tarell’s The Brothers Size, (Miami) and Santos in The Hittite Empire’s Skeletons of Fish (London). Film credits include playing opposite Matt Dillon in Sunlight Jr. and opposite John Leguizamo in Empire as well as in A Change of Heart with Jim Belushi. He is a United States Artist Fellow 2019 funded by Doris Duke Charitable Foundation and a recipient of several awards and grants including NEA, NEFA, MAP, NPN, Knight New Works, Knight Arts Challenge, Knight Foundation People’s Choice Award, Miami-Dade County Cultural Affairs. He also won the State of Florida Individual Artist Fellowship in 2005 and 2013. He’s a Sundance Institute Screen Writers Intensive Fellow 2015. Teo is a member of SAG/AFTRA, and Society of Stage Directors and Choreographers and holds a BFA in Theater from Florida Atlantic University. He is Board President of the Miami Light Project in Miami, FL.
=534  \\$pMedia source original: $a1 digital file
=540  \\$aThere are copyright restrictions on this collection. For more information, go to the online version of this video.
=542  1\$dTeo Castellanos$eTeo Castellanos, teocastellanos@mac.com, www.teocastellanos.com
=546  \\$aIn English, Spanish.
=650  \0$aPuerto Ricans$zUnited States.|$aPolitics and war.|$aViolence$xPsychological aspects.
=651  \0$aUnited States$xMilitary relations$zPuerto Rico$vDrama.|$aUnited States$xRace relations
=655  \7$a$aTheater.$2aat|$aPerformance.$2aat
=710  2\$aHemispheric Institute Digital Video Library.
=856  40$uhttp://hdl.handle.net/2333.1/2bvq8czn$3Hemispheric Institute Digital Video Library

