=LDR  00000nam a2200000Ia 45e0
=006  m\\\\\\\\c\\\\\\\\
=007  cr\cna|||m|||a
=007  vz\czazzu
=008  200514s9999||||xx\|||\|\\\\\ s\\\vlund|d
=024  7\$aHI2019_161_01$2local
=040  \\$aZYU$beng$erda$cZYU$epn
=041  0\$aspa|eng
=245  00$aPLACAS: The Most Dangerous Tattoo
=260  \\$cFebruary 4, 2016
=300  \\$3viewing copy.$astreaming video (1:48:37.00) :$bsd., col.
=490  0\$aPaul S. Flores collection
=500  \\$aPart of the Hemispheric Institute Digital Video Library.
=500  \\$aTitle supplied by the Hemispheric Institute.
=506  \\$aOpen Access.
=508  \\$aCommissioned by Central American Resource Center (CARECEN), San Francisco International Arts Festival (SFIAF), and Mission Cultural Center for Latino Arts, MACLA, El Centro Su Teatro, Pregones Theatre Company, Gala Hispanic Theatre and the National Performance Network. CARECEN, SFIAF, and Paul S. Flores, producers. Michael John Garces, director. Paul Flores, writer.
=511  0\$aRicardo Salinas, Zilah Mendoza, Xavi Moreno, Sarita Ocón, Emiliano Torres, Eric Aviles, Edgar Barbosa, performers.
=520  \\$aPaul S. Flores is a performance artist, published poet, playwright,  and well known spoken word artist. He was raised in Chula Vista, CA and spent much of his youth in Tijuana, Mexico. He co-founded the Latino poetry performance group Los Delicados with Norman Zelaya and Darren de Leon. He also wrote the PEN Award winning novel "Along the border lies", and his spoken word poem "Brown Dreams" was featured on Def Poetry on HBO. Flores work explores the intersection of urban culture, Hip-Hop and transnational identity, using theatre as a tool to talk about communities divided by police violence, racism, gentrification and economic disparity. He has been named The San Francisco Weekly's 2011 Best Politically Active Hip-Hop Performance Artist and has toured extensively with his works.
=520  \\$aPlacas is a slang word that refers to the tattoos marking one's affiliation with a gang. In this play, Salvadorian refugee Fausto is determined to turn his life around and prevent his son from following the violent path he had to endure. The painful and lengthy tattoo removal procedure serves as a metaphor for Fausto's own life journey. A tattoo, a symbol of permanence, poses the question: can a person ever erase their own past? "There is no such a thing as a 'former' gang member, but there might be a second chance," says Fausto in his opening monologue. Paul Flores also portrays the difficult migration dynamics faced by people fleeing the Salvadorian Civil War. Fausto's son grew up ostracized inside a migrant neighborhood in San Francisco, where he loathes his father and his past, but he might nonetheless mirror his father's steps because of the limited life choices available to him. The quest for belonging, familiarity, and community are at the heart of the play, where familial and kinship models, based on either blood or violent allegiance, are blurred.
=534  \\$pMedia source original: $a1 DVD
=540  \\$aThere are copyright restrictions on this collection. For more information, go to the online version of this video.
=542  1\$dPaul S. Flores$ePaul S. Flores, floresartmgr@gmail.com, http://paulsflores.art
=546  \\$aIn Spanish, English.
=650  \0$aCommunity organization.
=653  \\$aImmigration and society|Social violence|Refugees--El Salvador|Tattoos
=655  \7$a$aTheater.$2aat|$aPerformance.$2aat
=710  2\$aHemispheric Institute Digital Video Library.
=856  40$uhttp://hdl.handle.net/2333.1/xksn0cmq$3Hemispheric Institute Digital Video Library

