=LDR  00000nam a2200000Ia 45e0
=006  m\\\\\\\\c\\\\\\\\
=007  cr\cna|||m|||a
=007  vz\czazzu
=008  200514s9999||||xx\|||\|\\\\\ s\\\vlund|d
=024  7\$aHI2019_162_01$2local
=040  \\$aZYU$beng$erda$cZYU$epn
=041  0\$aspa|eng
=245  00$aYou're Gonna Cry
=260  \\$cMay 28, 2016
=300  \\$3viewing copy.$astreaming video (1:19:16.00) :$bsd., col.
=490  0\$aPaul S. Flores collection
=500  \\$aPart of the Hemispheric Institute Digital Video Library.
=500  \\$aTitle supplied by the Hemispheric Institute.
=506  \\$aOpen Access.
=508  \\$aEric Reid, director. Paul Flores, writer. Theater MadCap, producer. Directed by Eric Reid 2016 version. Originally directed and developed with Brian Freeman.
=520  \\$aPaul Flores tells the story of gentrification in the historical Mission District of San Francisco during the dot-com bubble of the 1990's. This one man play explores the intersections of culture, heritage and economic class, all colliding in the face of changing times. In the same vein as Sarah Jones and Anna Deavere Smith, a single performer represents a mosaic of characters. From the immigrant minorities that have built the community in the Mission District, to the newly arrived hegemonic whites, there is a multitude of voices in this multicultural, intergenerational piece. Some featured characters are a Chicano poet, a wise street poetry dealer, an angry Latina neighbor, and a tech worker who is the face of gentrification in the neighborhood. You're Gonna Cry is a performance driven by humor, personal storytelling and even the surreal, as beer cans talk and fight with each other. The constant question is: What constitutes a community?
=520  \\$aPaul S. Flores is a performance artist, published poet, playwright,  and well known spoken word artist. He was raised in Chula Vista, CA and spent much of his youth in Tijuana, Mexico. He co-founded the Latino poetry performance group Los Delicados with Norman Zelaya and Darren de Leon. He also wrote the PEN Award winning novel "Along the border lies", and his spoken word poem "Brown Dreams" was featured on Def Poetry on HBO. Flores work explores the intersection of urban culture, Hip-Hop and transnational identity, using theatre as a tool to talk about communities divided by police violence, racism, gentrification and economic disparity. He has been named The San Francisco Weekly's 2011 Best Politically Active Hip-Hop Performance Artist and has toured extensively with his works.
=534  \\$pMedia source original: $a1 DVD
=540  \\$aThere are copyright restrictions on this collection. For more information, go to the online version of this video.
=542  1\$dPaul S. Flores$ePaul S. Flores, floresartmgr@gmail.com, http://paulsflores.art
=546  \\$aIn Spanish, English.
=650  \0$aMulticulturalism.|$aCommunity power.
=653  \\$aGentrification|"Mission District (San Francisco, Calif.)"|Technology and society
=655  \7$a$aTheater.$2aat|$aPerformance.$2aat
=710  2\$aHemispheric Institute Digital Video Library.
=856  40$uhttp://hdl.handle.net/2333.1/stqjqc3f$3Hemispheric Institute Digital Video Library

