=LDR  00000nam a2200000Ia 45e0
=006  m\\\\\\\\c\\\\\\\\
=007  cr\cna|||m|||a
=007  vz\czazzu
=008  200514s9999||||xx\|||\|\\\\\ s\\\vlund|d
=024  7\$aHI2019_163_01$2local
=040  \\$aZYU$beng$erda$cZYU$epn
=041  0\$aspa|eng
=245  00$aREPRESENTA!
=260  \\$c2007
=300  \\$3viewing copy.$astreaming video (1:23:40.00) :$bsd., col.
=490  0\$aPaul S. Flores collection
=500  \\$aPart of the Hemispheric Institute Digital Video Library.
=500  \\$aTitle supplied by the Hemispheric Institute.
=506  \\$aOpen Access.
=508  \\$aDanny Hoch, director. Danny Hoch, artistic director.
=511  0\$aPaul S. Flores, Julio Cardenas, performers.
=518  \\$aThe Hip-Hop Theater Festival: Bay Area, San Francisco, California, USA
=520  \\$aPaul S. Flores is a performance artist, published poet, playwright,  and well known spoken word artist. He was raised in Chula Vista, CA and spent much of his youth in Tijuana, Mexico. He co-founded the Latino poetry performance group Los Delicados with Norman Zelaya and Darren de Leon. He also wrote the PEN Award winning novel "Along the border lies", and his spoken word poem "Brown Dreams" was featured on Def Poetry on HBO. Flores work explores the intersection of urban culture, Hip-Hop and transnational identity, using theatre as a tool to talk about communities divided by police violence, racism, gentrification and economic disparity. He has been named The San Francisco Weekly's 2011 Best Politically Active Hip-Hop Performance Artist and has toured extensively with his works.
=520  \\$aREPRESENTA! is a performance telling the parallel story of Julio, a Cuban rapper, and Paul, a Chicano poet from San Francisco, both revolutionaries in different senses of the word. Paul tries to connect with his political views by traveling to La Havana and supporting his idea of revolution. Conversely, Julio, who grew up during Cuba's revolution, attempts to achieve success in Hip-Hop, a cultural import of the United States. Both become friends and decide to travel to New York City together, but when the terrorist attacks of 9/11 happen their plans drastically change. The renewed xenophobia and racism erodes both characters' dreams, as they realize neither had a complete understanding of the other. As one character notes, "He had his view of things and I got mine, we were both wrong". In this performance, two sides of Cuban and North American relationality are constantly challenged, as both characters reflect on the meaning of representar (to represent), a term each uses to express his identity and rootedness in Latino cultural and artistic diasporas.
=534  \\$pMedia source original: $a1 DVD
=540  \\$aThere are copyright restrictions on this collection. For more information, go to the online version of this video.
=542  1\$dPaul S. Flores$ePaul S. Flores, floresartmgr@gmail.com, http://paulsflores.art
=546  \\$aIn Spanish, English.
=650  \0$aIdentity politics$zCuba.|$aWar on Terrorism, 2001-
=653  \\$aHip-hop culture|Solidarity--Political aspects|Identity politics -- Chicanos
=655  \7$a$aTheater.$2aat|$aPerformance.$2aat
=710  2\$aHemispheric Institute Digital Video Library.
=856  40$uhttp://hdl.handle.net/2333.1/p2ngfbk4$3Hemispheric Institute Digital Video Library

