=LDR  00000nam a2200000Ia 45e0
=006  m\\\\\\\\c\\\\\\\\
=007  cr\cna|||m|||a
=007  vz\czazzu
=008  200514s9999||||xx\|||\|\\\\\ s\\\vlund|d
=024  7\$aHI2020_010_01$2local
=040  \\$aZYU$beng$erda$cZYU$epn
=041  0\$aeng
=245  00$aGIMP (2009)
=260  \\$cJanuary 28, 2011
=300  \\$3viewing copy.$astreaming video (1:06:14.00) :$bsd., col.
=490  0\$aHeidi Latsky collection
=500  \\$aPart of the Hemispheric Institute Digital Video Library.
=500  \\$aTitle supplied by the Hemispheric Institute.
=506  \\$aOpen Access.
=508  \\$aChoreographer and artistic director: Heidi Latsky Music: Chris Brierley
=511  0\$aChristina Briggs, Jennifer Bricker, Lawrence Carter-Long, Nate Crawford, Jeffrey Freeze, Lezlie Frye, Catherine Long, Heidi Latsky, performers.
=518  \\$aAlverno Presents!, Helfaer Theater, Alverno College, Milwaukee, WI, USA
=520  \\$aGIMP (2009) inaugurates Heidi Latsky’s exploration of the critical aesthetic and political potential of the “mixed-ability” dance ensemble. The piece’s title signals her provocative intent: to reclaim a stigmatizing epithet as a politically radical alternative to “disabled” and, perhaps, as a badge of identity. Working with eight dancers—four abled, four dis-/differently abled—Latsky rejects universalist standards of beauty and virtuosity, instead pursuing individualized virtuosities by mining each dancer’s unique physical and expressive qualities to create “movement portraits.” Throughout the piece she seizes on ways of disturbing normative expectations of disabled bodies. The disabled here are presented as powerful, sexual, graceful subjects, seeking self-knowledge through movement and touch. At times the subversion takes a self-reflexive turn, as when a dancer with cerebral palsy turns to the audience and parrots the stigmatizing language often directed at disabled performers: ‘‘This is really incredible! I didn’t expect you to move. I thought this was going to be weird.’’ This moment underscores the scope of Latsky’s ambition: by bringing normative and non-normative bodies into performative dialogue, she seeks not only to upend dance convention but to challenge the very discourses foundational to the abled/disabled binary.
=520  \\$aThe mission of Heidi Latsky Dance (HLD) is to redefine beauty and virtuosity through performance and discourse, using performers with unique attributes to bring rigorous, passionate and provocative contemporary dance to diverse audiences. HLD is a New York-based modern dance company dedicated to redefining beauty and virtuosity through provocative and innovative performance and discourse, using performers with unique attributes to bring rigorous, passionate and provocative contemporary dance to diverse audiences. Since its inception in 2001, the company has received numerous awards, commissions and residencies. We premiered in 2001 with a Joyce Theater Residency and our first sold-out run of JUST WATCH!, presented by Danspace Project in NYC.  A variety of work followed, at venues around the world including American Dance Festival, Dublin Dance Festival, Central Park Summerstage, Kennedy Center, Scripps College Humanities Institute, DaDaFest Liverpool, Chicago Humanities Festival, CREA Conference Kathmandu, Crossing Borders Festival Dusseldorf, Jacob’s Pillow, The Whitney Museum of American Art, and Lincoln Center. http://heidilatskydance.org
=534  \\$pMedia source original: $a1 digital file
=540  \\$aThere are copyright restrictions on this collection. For more information, go to the online version of this video.
=542  1\$dHeidi Latsky$e400 W 43rd St #215, New York, NY 10036, heidilatskydance@gmail.com, heidilatskydance.org
=546  \\$aIn English.
=650  \0$aPeople with disabilities and the performing arts.|$aExperimental dance.|$aPerforming arts.|$aModern dance.
=653  \\$aDisability in society
=655  \7$a$aPerformance.$2aat|$aDance.$2aat
=710  2\$aHemispheric Institute Digital Video Library.
=856  40$uhttp://hdl.handle.net/2333.1/vhhmgz2m$3Hemispheric Institute Digital Video Library

