=LDR  00000nam a2200000Ia 45e0
=006  m\\\\\\\\c\\\\\\\\
=007  cr\cna|||m|||a
=007  vz\czazzu
=008  200514s9999||||xx\|||\|\\\\\ s\\\vlund|d
=024  7\$aHI2020_011_01$2local
=040  \\$aZYU$beng$erda$cZYU$epn
=041  0\$aeng
=245  00$aTHE GIMP PROJECT: IF
=260  \\$cJune 16, 2011
=300  \\$3viewing copy.$astreaming video (0:48:06.00) :$bsd., col.
=490  0\$aHeidi Latsky collection
=500  \\$aPart of the Hemispheric Institute Digital Video Library.
=500  \\$aTitle supplied by the Hemispheric Institute.
=506  \\$aOpen Access.
=508  \\$aChoreographer and artistic director: Heidi Latsky Music: Chris Brierley [and Randall Woolf]
=511  0\$aDancers: Christina Briggs, Jennifer Bricker, Lawrence Carter-Long, Nate Crawford, Jeffrey Freeze, Lezlie Frye, Catherine Long, Heidi Latsky
=518  \\$aLaMama ETC, New York, NY, USA
=520  \\$aIf (2011) comprises a medley of three works Heidi Latsky choreographed for mixed-ability ensembles under the umbrella of the GIMP Project. As with each successive GIMP manifestation, here we see Latsky’s growing ambition to open up dance to non-normative bodies and modes of mobilization; the ensemble for If is her most diverse to date, comprised of twenty dancers spanning a wide range of ages and body types, abilities and disabilities. A mid-performance tableau emerges after a dancer glides across the stage on rollerblades, soon joined by another turning tricks in a wheelchair. Gradually, the rest of the ensemble enters the scene; they laboriously drag themselves on their stomachs to a row of chairs lining the front of the stage, ultimately bringing themselves to a seated position, where they sit, still, staring at the audience, breathing deeply. This moment is signature of Latsky's work, where she throws physical variation into relief, allowing viewers the time and space to admire the beauty of physical difference, while simultaneously engaging the audience in a prolonged staring contest that is both an act of communion and a challenge to consider the way we see and are seen. And as in her original GIMP (2009), Latsky themes each section around a little-known meaning of “gimp” (e.g., “to tremble with ecstasy” and “a ribbon-like braided fabric”), thereby reclaiming the word from epithet and signaling her broader project of destigmatization.
=520  \\$aThe mission of Heidi Latsky Dance (HLD) is to redefine beauty and virtuosity through performance and discourse, using performers with unique attributes to bring rigorous, passionate and provocative contemporary dance to diverse audiences. HLD is a New York-based modern dance company dedicated to redefining beauty and virtuosity through provocative and innovative performance and discourse, using performers with unique attributes to bring rigorous, passionate and provocative contemporary dance to diverse audiences. Since its inception in 2001, the company has received numerous awards, commissions and residencies. We premiered in 2001 with a Joyce Theater Residency and our first sold-out run of JUST WATCH!, presented by Danspace Project in NYC.  A variety of work followed, at venues around the world including American Dance Festival, Dublin Dance Festival, Central Park Summerstage, Kennedy Center, Scripps College Humanities Institute, DaDaFest Liverpool, Chicago Humanities Festival, CREA Conference Kathmandu, Crossing Borders Festival Dusseldorf, Jacob’s Pillow, The Whitney Museum of American Art, and Lincoln Center. http://heidilatskydance.org
=534  \\$pMedia source original: $a1 digital file
=540  \\$aThere are copyright restrictions on this collection. For more information, go to the online version of this video.
=542  1\$dHeidi Latsky$e400 W 43rd St #215, New York, NY 10036, heidilatskydance@gmail.com, heidilatskydance.org
=546  \\$aIn English.
=650  \0$aPerforming arts.|$aPeople with disabilities and the performing arts.|$aModern dance.
=653  \\$aDisability in society|Disability
=655  \7$a$aPerformance.$2aat|$aDance.$2aat
=710  2\$aHemispheric Institute Digital Video Library.
=856  40$uhttp://hdl.handle.net/2333.1/3tx964fs$3Hemispheric Institute Digital Video Library

