=LDR  00000nam a2200000Ia 45e0
=006  m\\\\\\\\c\\\\\\\\
=007  cr\cna|||m|||a
=007  vz\czazzu
=008  200514s9999||||xx\|||\|\\\\\ s\\\vlund|d
=024  7\$aHI2020_013_01$2local
=040  \\$aZYU$beng$erda$cZYU$epn
=041  0\$aeng
=245  00$aFive Open Mouths
=260  \\$c2007
=300  \\$3viewing copy.$astreaming video (0:22:15.00) :$bsd., col.
=490  0\$aHeidi Latsky collection
=500  \\$aPart of the Hemispheric Institute Digital Video Library.
=500  \\$aTitle supplied by the Hemispheric Institute.
=506  \\$aOpen Access.
=508  \\$aChoreographer: Heidi Latsky
=511  0\$aDancer: Lisa Bufano
=518  \\$aJudson Church, New York, NY, USA
=520  \\$aChoreographed in collaboration with visual artist–performer Lisa Bufano, a bilateral leg and finger amputee, the solo Five Open Mouths (2007) marks the beginning of Heidi Latsky’s development as a disability artist-activist. Here we see her first exploring ways of using the provocative display of physical otherness to reframe dominant perceptions of the disabled body and challenge unmarked [able-ist] aesthetics and cultural ideologies. Comprising five movement tableaux, Five Open Mouths, begins with Bufano in silhouette, posed beside a chair, standing on C-clamp leg prostheses, striking a cyborgian figure. As the lights come up, they reveal her staring back at the audience—a perceptual exchange that interpellates her viewers into the performance and a stare that affirms her own visibility as an act of choice. When, next, she bounds fearlessly about the stage, she is both claiming the space and her body’s right to it. The performance unfolds with Bufano seated, stripping away her prostheses to expose the foreshortened contours of her limbs. Lowering herself from the chair, she engages in a lengthy, virtuosic dance that turns increasingly sensual and introspective. The piece concludes with Bufano back in the chair, performing a series of tender unravelling gestures (evocations of her post-surgery removal of bandages) that, accompanied by Cyndi Lauper’s ""La Vie en Rose,"" read as a danced ballad to her own radically different body.
=520  \\$aThe mission of Heidi Latsky Dance (HLD) is to redefine beauty and virtuosity through performance and discourse, using performers with unique attributes to bring rigorous, passionate and provocative contemporary dance to diverse audiences. HLD is a New York-based modern dance company dedicated to redefining beauty and virtuosity through provocative and innovative performance and discourse, using performers with unique attributes to bring rigorous, passionate and provocative contemporary dance to diverse audiences. Since its inception in 2001, the company has received numerous awards, commissions and residencies. We premiered in 2001 with a Joyce Theater Residency and our first sold-out run of JUST WATCH!, presented by Danspace Project in NYC.  A variety of work followed, at venues around the world including American Dance Festival, Dublin Dance Festival, Central Park Summerstage, Kennedy Center, Scripps College Humanities Institute, DaDaFest Liverpool, Chicago Humanities Festival, CREA Conference Kathmandu, Crossing Borders Festival Dusseldorf, Jacob’s Pillow, The Whitney Museum of American Art, and Lincoln Center. http://heidilatskydance.org
=534  \\$pMedia source original: $a1 digital file
=540  \\$aThere are copyright restrictions on this collection. For more information, go to the online version of this video.
=542  1\$dHeidi Latsky$e400 W 43rd St #215, New York, NY 10036, heidilatskydance@gmail.com, heidilatskydance.org
=546  \\$aIn English.
=650  \0$aPeople with disabilities and the performing arts.|$aModern dance.
=653  \\$aDisability in society|Disability|Embodiment.
=655  \7$a$aPerformance.$2aat|$aDance.$2aat
=710  2\$aHemispheric Institute Digital Video Library.
=856  40$uhttp://hdl.handle.net/2333.1/6t1g1s68$3Hemispheric Institute Digital Video Library

