=LDR  00000nam a2200000Ia 45e0
=006  m\\\\\\\\c\\\\\\\\
=007  cr\cna|||m|||a
=007  vz\czazzu
=008  200514s9999||||xx\|||\|\\\\\ s\\\vlund|d
=024  7\$aHI2020_014_01$2local
=040  \\$aZYU$beng$erda$cZYU$epn
=041  0\$aeng
=245  00$aWorst Case Scenario
=260  \\$cApril 25, 1999
=300  \\$3viewing copy.$astreaming video (1:05:14.00) :$bsd., col.
=490  0\$aHeidi Latsky collection
=500  \\$aPart of the Hemispheric Institute Digital Video Library.
=500  \\$aTitle supplied by the Hemispheric Institute.
=506  \\$aOpen Access.
=508  \\$aIn collaboration with Lesley Dill, a sculptor, photographer and performance artist. Music by John Oswald, Joe Jackson; Lighting by Robert Wierzel; Production and video montage by Douglas Rosenberg
=511  0\$aDancers: Heidi Latsky and Lawrence Goldhuber
=518  \\$aPerformance Space 122, New York, NY, USA
=520  \\$aIn Worst Case Scenario (1999), Heidi Latsky and her long-time partner Lawrence Goldhuber team with visual artist Lesley Dill to create a multimedia exploration of hate, revulsion, and Jewish corporeality. The piece opens with Goldhuber in a cassock-like outfit with an impossibly long train, slowly traversing a corridor of light while dragging Latsky, curled up, as well as his own effigy distantly behind him: a potent visual metaphor for the ways the body carries personal and social corporeal histories of violence. Drawing on vaudeville, dance theater, and German expressionism, Worst Case Scenario alternates such sinister, starkly lit tableaux with broadly comic vignettes of stylized combat and conflict. Anti-semitism courses beneath, hinted at in Dill’s photographic projections of Latsky and Goldhuber stripped naked, their bodies scrawled with oblique invective (e.g. TK), and surfacing occasionally, as in the recurrence of Phranc’s folk-punk anthem “Little Hitlers” ("Take Off Your Swastika—It's Making Me Angry” “Sure I got Jewish damage. What they hell do you expect?”). Throughout, hate is presented as a dark discursive undertow, a perpetually murmuring (and muting) subtext that inscribes itself on bodies, bringing transgenerational histories of trauma into the lived, embodied present.
=520  \\$aThe mission of Heidi Latsky Dance (HLD) is to redefine beauty and virtuosity through performance and discourse, using performers with unique attributes to bring rigorous, passionate and provocative contemporary dance to diverse audiences. HLD is a New York-based modern dance company dedicated to redefining beauty and virtuosity through provocative and innovative performance and discourse, using performers with unique attributes to bring rigorous, passionate and provocative contemporary dance to diverse audiences. Since its inception in 2001, the company has received numerous awards, commissions and residencies. We premiered in 2001 with a Joyce Theater Residency and our first sold-out run of JUST WATCH!, presented by Danspace Project in NYC.  A variety of work followed, at venues around the world including American Dance Festival, Dublin Dance Festival, Central Park Summerstage, Kennedy Center, Scripps College Humanities Institute, DaDaFest Liverpool, Chicago Humanities Festival, CREA Conference Kathmandu, Crossing Borders Festival Dusseldorf, Jacob’s Pillow, The Whitney Museum of American Art, and Lincoln Center. http://heidilatskydance.org
=534  \\$pMedia source original: $a1 digital file
=540  \\$aThere are copyright restrictions on this collection. For more information, go to the online version of this video.
=542  1\$dHeidi Latsky$e400 W 43rd St #215, New York, NY 10036, heidilatskydance@gmail.com, heidilatskydance.org
=546  \\$aIn English.
=650  \0$aPrejudices.|$aViolence.
=653  \\$aEmbodiment|Corporealities|Hate|Antisemitism
=655  \7$a$aDance theater.$2nyu-hidvl|$aPerformance.$2aat
=710  2\$aHemispheric Institute Digital Video Library.
=856  40$uhttp://hdl.handle.net/2333.1/gqnk9g4n$3Hemispheric Institute Digital Video Library

