=LDR  00000nam a2200000Ia 45e0
=006  m\\\\\\\\c\\\\\\\\
=007  cr\cna|||m|||a
=007  vz\czazzu
=008  200514s9999||||xx\|||\|\\\\\ s\\\vlund|d
=024  7\$aHI2020_015_01$2local
=040  \\$aZYU$beng$erda$cZYU$epn
=041  0\$aeng
=245  00$aFor Charlotte
=260  \\$c2000
=300  \\$3viewing copy.$astreaming video (0:07:27.00) :$bsd., col.
=490  0\$aHeidi Latsky collection
=500  \\$aPart of the Hemispheric Institute Digital Video Library.
=500  \\$aTitle supplied by the Hemispheric Institute.
=506  \\$aOpen Access.
=508  \\$aConceived, Choreographed, and Performed by Heidi Latsky Video by Alison Rootberg; Sound Design: Alison Rootberg; Editor: Alison Rootberg; Camera: Jacqueline Gares; Editor: Kevin Camoosa; Voice: Heidi Latsky; Music: "Méditation" by Jules Massenet
=511  0\$aDancer: Heidi Latsky
=518  \\$aSt. Marks Church-In-The-Bowery, New York, NY, USA
=520  \\$aIn her solo For Charlotte (2000), Heidi Latsky trains her interest in unexpected dancing bodies on the limits and freedoms of her own experience of pregnancy and the long and strenuous process it was to conceive through in vitro-fertilization. Latsky opens the video in rehearsal clothes, speaking to the camera as she recounts her initial trimester on bed rest and her subsequent desire to "start dancing again...to see what I could do." The dance that follows juxtaposes gestural evocations of modern, scientized pregnancy with iconographies of transcendental motherhood, as we see Latsky exploring her new body in what is simultaneously a self-portrait of dancing maternity and a pursuit of embodied knowledge.
=520  \\$aThe mission of Heidi Latsky Dance (HLD) is to redefine beauty and virtuosity through performance and discourse, using performers with unique attributes to bring rigorous, passionate and provocative contemporary dance to diverse audiences. HLD is a New York-based modern dance company dedicated to redefining beauty and virtuosity through provocative and innovative performance and discourse, using performers with unique attributes to bring rigorous, passionate and provocative contemporary dance to diverse audiences. Since its inception in 2001, the company has received numerous awards, commissions and residencies. We premiered in 2001 with a Joyce Theater Residency and our first sold-out run of JUST WATCH!, presented by Danspace Project in NYC.  A variety of work followed, at venues around the world including American Dance Festival, Dublin Dance Festival, Central Park Summerstage, Kennedy Center, Scripps College Humanities Institute, DaDaFest Liverpool, Chicago Humanities Festival, CREA Conference Kathmandu, Crossing Borders Festival Dusseldorf, Jacob’s Pillow, The Whitney Museum of American Art, and Lincoln Center. http://heidilatskydance.org
=534  \\$pMedia source original: $a1 digital file
=540  \\$aThere are copyright restrictions on this collection. For more information, go to the online version of this video.
=542  1\$dHeidi Latsky$e400 W 43rd St #215, New York, NY 10036, heidilatskydance@gmail.com, heidilatskydance.org
=546  \\$aIn English.
=650  \0$aExperimental dance.|$aFeminism and dance.
=653  \\$aEmbodiment|Maternity in art|Corporealities
=655  \7$a$aPerformance.$2aat
=710  2\$aHemispheric Institute Digital Video Library.
=856  40$uhttp://hdl.handle.net/2333.1/tht76qs7$3Hemispheric Institute Digital Video Library

