=LDR  00000nam a2200000Ia 45e0
=006  m\\\\\\\\c\\\\\\\\
=007  cr\cna|||m|||a
=007  vz\czazzu
=008  200514s9999||||xx\|||\|\\\\\ s\\\vlund|d
=024  7\$aHI2020_016_01$2local
=040  \\$aZYU$beng$erda$cZYU$epn
=041  0\$aeng
=245  00$aJustice's Leg
=246  3\$afrom: Flowers From the Volcano: An Evening of Dance and Poetry at Brooklyn Academy of Music
=260  \\$c1992
=300  \\$3viewing copy.$astreaming video (0:15:07.00) :$bsd., col.
=490  0\$aHeidi Latsky collection
=500  \\$aPart of the Hemispheric Institute Digital Video Library.
=500  \\$aTitle supplied by the Hemispheric Institute.
=506  \\$aOpen Access.
=508  \\$aChoreographers: Bill T. Jones, R. Justice Allen, Heidi Latsky Producers ("Flowers"): Leonard Easter & Merrill Rubin; Artistic Director ("Flowers"): Patricia Birch; Videographer: Mark Robinson; Benefit Light Designer ("Flowers"): William H. Grant; Production Manager ("Flowers"): Paul King;
=511  0\$aDancers: R. Justice Allen & Heidi Latsky; Monologue: R. Justice Allen
=518  \\$aBrooklyn Academy of Music (BAM), Brooklyn, NY, USA
=520  \\$aChoreographed in collaboration with Bill T. Jones and Justice Allen, Justice's Leg (1992) foretells Heidi Latsky’s disability work in its focus on the subjective experience of bodily trauma. In the piece, Allen narrates and reenacts the story of a legendary prison football game he starred in two decades prior. As his tale unfolds, Latsky begins to hurl herself at Allen in a series of flying tackles and his story turns increasingly dark until, at its climax, Allen's leg is broken as the result of a prison bounty. The injury sets in motion a series of botched surgeries, leaving Allen permanently disfigured, with one leg two inches shorter than the other. Blending dance-theater and monologue, modern dance and football vernacular, Justice's Leg narrates an autobiographical account of a Black man's bodily experience of violence, disfigurement, and mass incarceration.  In a later iteration, Justice’s Leg is performed alongside another piece, You Have the Right . . . Imagine . . . I'm Afraid of Silence, in which a naked Black man dressed in a KKK hood menaces Justice with Miranda-type warnings—""You have the right to remain silent. Do you understand?” “You have the right to be made outcast and to be ridiculed. Do you understand?""—that render explicit the role of the modern carceral state as an instrument of White racial hegemony.
=520  \\$aThe mission of Heidi Latsky Dance (HLD) is to redefine beauty and virtuosity through performance and discourse, using performers with unique attributes to bring rigorous, passionate and provocative contemporary dance to diverse audiences. HLD is a New York-based modern dance company dedicated to redefining beauty and virtuosity through provocative and innovative performance and discourse, using performers with unique attributes to bring rigorous, passionate and provocative contemporary dance to diverse audiences. Since its inception in 2001, the company has received numerous awards, commissions and residencies. We premiered in 2001 with a Joyce Theater Residency and our first sold-out run of JUST WATCH!, presented by Danspace Project in NYC.  A variety of work followed, at venues around the world including American Dance Festival, Dublin Dance Festival, Central Park Summerstage, Kennedy Center, Scripps College Humanities Institute, DaDaFest Liverpool, Chicago Humanities Festival, CREA Conference Kathmandu, Crossing Borders Festival Dusseldorf, Jacob’s Pillow, The Whitney Museum of American Art, and Lincoln Center. http://heidilatskydance.org
=534  \\$pMedia source original: $a1 digital file
=540  \\$aThere are copyright restrictions on this collection. For more information, go to the online version of this video.
=542  1\$dHeidi Latsky$e400 W 43rd St #215, New York, NY 10036, heidilatskydance@gmail.com, heidilatskydance.org
=546  \\$aIn English.
=650  \0$aPrison-industrial complex$zUnited States.|$aViolence.|$aAfrican American men$xSocial conditions.|$aImprisonment$xPolitical aspects.
=653  \\$aCorporealities|White supremacy
=655  \7$a$aDance.$2aat|$aTheater.$2aat
=710  2\$aHemispheric Institute Digital Video Library.
=856  40$uhttp://hdl.handle.net/2333.1/f7m0cp8r$3Hemispheric Institute Digital Video Library

