=LDR  00000nam a2200000Ia 45e0
=006  m\\\\\\\\c\\\\\\\\
=007  cr\cna|||m|||a
=007  vz\czazzu
=008  200514s9999||||xx\|||\|\\\\\ s\\\vlund|d
=024  7\$aHI2020_017_01$2local
=040  \\$aZYU$beng$erda$cZYU$epn
=041  0\$aeng
=245  00$aI Hate Modern Dance
=260  \\$cJanuary 29, 2000
=300  \\$3viewing copy.$astreaming video (1:15:30.00) :$bsd., col.
=490  0\$aHeidi Latsky collection
=500  \\$aPart of the Hemispheric Institute Digital Video Library.
=500  \\$aTitle supplied by the Hemispheric Institute.
=506  \\$aOpen Access.
=508  \\$aPart 1 Credits "It's Not What You Think (Part 1): Choreographed and Performed by Heidi Latsky and Lawrence Goldhuber; Lighting Design by Robert Wierzel; Production Stage Manager: Matthew Eggleton; Camera and Editing by Charles Dennis; Music: W.A. Mozart - Violin Concerto #5; Part 2 Credits "HATE: Worst Case Scenario" (excerpts) original version created and directed by Lesley Dill, Heidi Latsky, and Lawrence Goldhuber; Costumes by Lesley Dill; Additional Desgins by Annies Murdock; Music by John Oswald, Marty Beller, and Andrew Poppy; Part 3 Credits "MODERN: Head Duet" A Film by Gretchen Bender; Music by Joe Jackson. Presented by The Joyce Theater Foundation, Inc. In Association with Goldhuber & Latsky Project, Inc.
=511  0\$aDancers: Heidi Latsky and Lawrence Goldhuber
=518  \\$aThe Joyce Theater, New York, NY, USA
=520  \\$aI Hate Modern Dance (2000) is one of the final pieces borne from the collaboration with Heidi Latsky and Lawrence Goldhuber (Goldhuber & Latsky 1993-2000). Here, the longtime friends and collaborators comically and hyperbolically center their vast differences in physicality--Latsky is short and petite while Goldhuber is a much taller and larger person--as well as notions of virtuosity. They begin the performance in matching ensembles that accentuate the choreographic attention to each dancer's physicality. Throughout each of the performance's five segments—"Too Much, Too Little, Too Bad!, Hate (Worst Case Scenario excerpts), Modern, Dance—the dancers exploreand resist conventional ideas about each of their physicalities and perceived limitations. Through Latsky's and Goldhuber's pairing and the scaffolding of each vignette, the performers' movements thoughtfully attend to modern dance as a form and its implications on partnering, weight, and emotionality.
=520  \\$aThe mission of Heidi Latsky Dance (HLD) is to redefine beauty and virtuosity through performance and discourse, using performers with unique attributes to bring rigorous, passionate and provocative contemporary dance to diverse audiences. HLD is a New York-based modern dance company dedicated to redefining beauty and virtuosity through provocative and innovative performance and discourse, using performers with unique attributes to bring rigorous, passionate and provocative contemporary dance to diverse audiences. Since its inception in 2001, the company has received numerous awards, commissions and residencies. We premiered in 2001 with a Joyce Theater Residency and our first sold-out run of JUST WATCH!, presented by Danspace Project in NYC.  A variety of work followed, at venues around the world including American Dance Festival, Dublin Dance Festival, Central Park Summerstage, Kennedy Center, Scripps College Humanities Institute, DaDaFest Liverpool, Chicago Humanities Festival, CREA Conference Kathmandu, Crossing Borders Festival Dusseldorf, Jacob’s Pillow, The Whitney Museum of American Art, and Lincoln Center. http://heidilatskydance.org
=534  \\$pMedia source original: $a1 digital file
=540  \\$aThere are copyright restrictions on this collection. For more information, go to the online version of this video.
=542  1\$dHeidi Latsky$e400 W 43rd St #215, New York, NY 10036, heidilatskydance@gmail.com, heidilatskydance.org
=546  \\$aIn English.
=650  \0$aModern dance.
=653  \\$aEmbodiment|Body politics|Hate|Body––Objectification
=655  \7$a$aDance.$2aat
=710  2\$aHemispheric Institute Digital Video Library.
=856  40$uhttp://hdl.handle.net/2333.1/v6wwq5wg$3Hemispheric Institute Digital Video Library

